

@InCollection{Braga2017,
  title                    = {Minimum Weight Tree Spanner Problem},
  author                   = {Hugo Braga},
  booktitle                = {II Encontro de Teoria da Computa\c{c}\~{a}o (ETC 2017) - XXXVII CSBC},
  publisher                = {Sociedade Brasileira de Computa\c{c}\~{a}o},
  year                     = {2017},
  keywords		   = {publication}
}

@InCollection{Braga2011,
 author = {Braga, Hugo and Assis, Fl\'{a}vio},
 title = {A Topology Control Algorithm for Interference and Energy Efficiency in Wireless Sensor Networks},
 booktitle = {Ad-hoc, Mobile, and Wireless Networks},
 pages = {86-99},
 publisher = {Springer Berlin Heidelberg},
 year = {2011},
 editor = {Frey, Hannes and Li, Xu and Ruehrup, Stefan},
 volume = {6811},
 series = {Lecture Notes in Computer Science},
 url = {http://dx.doi.org/10.1007/978-3-642-22450-8_7},
 doi = {10.1007/978-3-642-22450-8_7},
 isbn = {978-3-642-22449-2},
 keywords = {publication}
}

@InProceedings{Braga2008,
 author = {Braga, Hugo and Mac\^{e}do, Raimundo},
 title = {Design and Implementation of a Monitoring Mechanism for a QoS Distributed Provider},
 booktitle = {IX Research and Graduate Seminar  XXVII Student Research Seminar PRPPG},
 year = {2008},
 month = {11},
 organization = {UFBA},
 note = {in Portuguese},
 keywords = {others},
}

@PHDTHESIS{Braga2018,
  author = {Hugo Braga},
  title = {Algoritmos exatos para problemas de spanner em grafos},
  school = {University of S\~{a}o Paulo},
  year = {2018},
  keywords = {others}
}


@MASTERSTHESIS{Braga2012,
  author = {Hugo Braga},
  title = {Algorithms for the Directed k-Spanner with Minimum Degree Steiner Tree Problem},
  school = {Federal University of Bahia},
  year = {2012},
  keywords = {others}
}

@misc{Grant2014, 
note = {Graduate Fellowship, University of S\~{a}o Paulo, 
    \emph{Spanners in Graphs} (in portuguese), 
    granted (\#2013/22875-9) by The State of S\~{a}o Paulo Research Foundation 
    (\href{http://www.fapesp.br/}{FAPESP}) for the Ph.D. position, 
    March, 2014 to February, 2018},
keywords = {grant}
}

@misc{Grant2012,
note = {Graduate Fellowship, Federal University of Bahia, 
    granted by Brazilian Federal Agency for the Improvement of 
    Higher Education (\href{http://www.capes.gov.br/index.php}{Capes}) for the Ph.D. position 
(ranked 1\textsuperscript{st} in the Ph.D. selection),
    March, 2012 to April, 2013. Interrupted},
keywords = {grant}
}

@misc{Grant2010,
note = {Graduate Fellowship, Federal University of Bahia, 
    granted by Capes for the Master position,
    March, 2010 to February, 2012},
keywords = {grant}
}

 @misc{Grant2007b,
note = {Undergraduate Fellowship, Federal University of Bahia, 
    \emph{Models for Fault-Tolerant Hibrid and Adaptative Distributed Systems} (in portuguese), 
    granted by The State of Bahia Research Foundation (\href{http://www.fapesb.ba.gov.br/}{FAPESB}) for the scientific 
    initiation position, August, 2007 to July, 2008},
keywords = {grant}
}

 @misc{Grant2007a,
note = {Undergraduate Scholarship, Federal University of Bahia, 
    granted by Foundation for Support of Research and Extension (\href{http://www.fapex.org.br/}{FAPEX}), 
    January, 2007 to May, 2007},
keywords = {grant}
}
