

@InCollection{Braga2017,
  title                    = {Minimum Weight Tree Spanner Problem},
  author                   = {Hugo Braga},
  booktitle                = {II Encontro de Teoria da Computa\c{c}\~{a}o (ETC 2017) - XXXVII CSBC},
  publisher                = {Sociedade Brasileira de Computa\c{c}\~{a}o},
  year                     = {2017},
  keywords		   = {publication}
}

@InCollection{Braga2011,
 author = {Braga, Hugo and Assis, Fl\'{a}vio},
 title = {A Topology Control Algorithm for Interference and Energy Efficiency in Wireless Sensor Networks},
 booktitle = {Ad-hoc, Mobile, and Wireless Networks},
 pages = {86-99},
 publisher = {Springer Berlin Heidelberg},
 year = {2011},
 editor = {Frey, Hannes and Li, Xu and Ruehrup, Stefan},
 volume = {6811},
 series = {Lecture Notes in Computer Science},
 url = {http://dx.doi.org/10.1007/978-3-642-22450-8_7},
 doi = {10.1007/978-3-642-22450-8_7},
 isbn = {978-3-642-22449-2},
 keywords = {publication}
}

@InProceedings{Braga2008,
 author = {Braga, Hugo and Mac\^{e}do, Raimundo},
 title = {Especificação e Implementação de um Mecanismo de Monitoramento para um Provedor Distribuído de QoS},
 booktitle = {IX Seminário de Pesquisa e Pós-Graduação. XXVII Seminário Estudantil de Pesquisa},
 year = {2008},
 month = {11},
 organization = {UFBA},
 keywords = {others},
}

@PHDTHESIS{Braga2018,
  author = {Hugo Braga},
  title = {Algoritmos exatos para problemas de spanner em grafos},
  school = {Universidade de S\~{a}o Paulo},
  year = {2018},
  keywords = {others}
}


@MASTERSTHESIS{Braga2012,
  author = {Hugo Braga},
  title = {\emph{Algoritmos para o Problema de Árvore Steiner com Grau Mínimo e fator de dilatação k em Grafos Direcionados} (em Inglês)},
  school = {Universidade Federal da Bahia},
  year = {2012},
  keywords = {others}
}

@misc{Grant2014, 
note = {Bolsa de projeto de Doutorado, Universidade de S\~{a}o Paulo, 
    \emph{Spanners em Grafos}, 
    concedida (\#2013/22875-9) pela Fundação de Amparo à Pesquisa do Estado de São Paulo (\href{http://www.fapesp.br/}{FAPESP}), 
    Março 2014 até Fevereiro 2018},
keywords = {grant}
}

@misc{Grant2012,
note = {Bolsa de Doutorado, Universidade Federal da Bahia, 
    concedida pela Coordenação de Aperfeiçoamento de Pessoal de Nível Superior (\href{http://www.capes.gov.br/index.php}{Capes}) (1\textsuperscript{\underline{o}} lugar na seleção do Doutorado),
    Março 2012 até Abril 2013. Interrompido},
keywords = {grant}
}

@misc{Grant2010,
note = {Bolsa de Mestrado, Universidade Federal da Bahia, 
    concedida pela Capes,
    Março 2010 até Fevereiro 2012},
keywords = {grant}
}

 @misc{Grant2007b,
note = {Bolsa de projeto de Iniciação Científica, Universidade Federal da Bahia, 
    \emph{Modelos para Sistemas Distribuídos Híbridos e Adaptativos}, 
    concedida pela Fundação de Amparo à Pesquisa do Estado da Bahia (\href{http://www.fapesb.ba.gov.br/}{FAPESB}), Agosto 2007 até Julho 2008},
keywords = {grant}
}

 @misc{Grant2007a,
note = {Bolsa de Estágio, Universidade Federal da Bahia, 
    concedida pela Fundação de Apoio à Pesquisa e à Extensão (\href{http://www.fapex.org.br/}{FAPEX}), 
    Janeiro 2007 até Maio 2007},
keywords = {grant}
}
